@article{butera1997dependence,
  title={The dependence of resistance on temperature for metals, semiconductors, and superconductors},
  author={Butera, Richard A and Waldeck, David H},
  journal={Journal of chemical education},
  volume={74},
  number={9},
  pages={1090},
  year={1997},
  publisher={ACS Publications}
}

@article{feteira2009negative,
  title={Negative temperature coefficient resistance (NTCR) ceramic thermistors: an industrial perspective},
  author={Feteira, Antonio},
  journal={Journal of the American Ceramic Society},
  volume={92},
  number={5},
  pages={967--983},
  year={2009},
  publisher={Wiley Online Library}
}

@misc{amethermbetamodel, 
    title={NTC thermistors - calculate beta values}, 
    url={https://www.ametherm.com/thermistor/ntc-thermistor-beta}, journal={Ametherm},
    author={Ametherm},
    year={2013}
} 

@misc{amethermptcntc, 
    title={PTC Thermistors vs. NTC Thermistors for Inrush Current}, 
    url={https://www.ametherm.com/ptc-thermistors-vs-ntc-thermistors-for-inrush-current}, journal={Ametherm},
    author={Ametherm},
    year={2013}
    } 
    
@misc{mandal_2022, 
    title={Story of metal, semiconductor and insulator}, 
    url={https://www.iopb.res.in/AKAM/Saptarshi-AKAM.pdf}, 
    journal={IOPB Home Institute of Physics, Bhubaneswar}, 
    author={Mandal, Saptarshi}, 
    year={2022}, month={Apr}
} 

@book{taylor_1982, 
    place={Mill Valley, CA}, 
    title={An introduction to error analysis: The study of uncertainties in physical measurements}, 
    publisher={University Science Books}, 
    author={Taylor, John R.}, 
    year={1982}
} 

@article{rana2018fpga,
  title={FPGA implementation of steinhart--hart equation for accurate thermistor linearization},
  author={Rana, Kanwar Pal Singh and Kumar, Vineet and Dagar, Amit Kumar and Chandel, Ankit and Kataria, Akshay},
  journal={IEEE sensors journal},
  volume={18},
  number={6},
  pages={2260--2267},
  year={2018},
  publisher={IEEE}
}